author: Hendrik Werner s4549775

@online {
	teslaCvArticle,
	title="Tesla is about to increase its lead in semi-autonomous driving w/ 'Tesla Vision': computer vision based on NVIDIA's parallel computing",
	url="https://electrek.co/2016/10/10/tesla-vision-autopilot-autonomous-driving-nvidia-cuda/",
}

@online {
	teslaAutopilot,
	title="Tesla Autopilot",
	url="https://www.tesla.com/autopilot",
}

@online {
	aboutOpenCV,
	title="About OpenCV",
	url="http://opencv.org/about.html",
}

@online {
	openCVCookbookWebsite,
	title="About OpenCV 3 Cookbook - Third Edition",
	url="https://www.packtpub.com/application-development/opencv-3-computer-vision-application-programming-cookbook-third-edition",
}

@book {
	learningOpenCV,
	title="Learning OpenCV",
	author="Gary Bradski and Adrian Keahler",
	year=2008,
	publisher="O'Reilly",
}

@book {
	openCVCookbook,
	title=" OpenCV 3 Computer Vision Application Programming Cookbook - Third Edition",
	author="Robert Laganiere",
	year=2017,
	publisher="Packt",
}
